<?xml version="1.0" encoding="UTF-8"?>
<Document xmlns="urn:iso:std:iso:20022:tech:xsd:pain.008.001.05" xmlns:xsi="http://www.w3.org/2001/XMLSchema-instance" xsi:schemaLocation="urn:iso:std:iso:20022:tech:xsd:pain.008.001.05 pain.008.001.05.xsd">
  <CstmrDrctDbtInitn>
    <GrpHdr>
      <MsgId>OurMessageIdentification</MsgId>
      <CreDtTm>2025-08-19T08:32:02+00:00</CreDtTm>
      <NbOfTxs>1</NbOfTxs>
      <CtrlSum>12.34</CtrlSum>
      <InitgPty>
        <Nm>OurCorp</Nm>
      </InitgPty>
    </GrpHdr>
    <PmtInf>
      <PmtInfId>OurPaymentInfo</PmtInfId>
      <PmtMtd>DD</PmtMtd>
      <NbOfTxs>1</NbOfTxs>
      <CtrlSum>12.34</CtrlSum>
      <PmtTpInf>
        <SvcLvl>
          <Cd>SEPA</Cd>
        </SvcLvl>
        <LclInstrm>
          <Cd>CORE</Cd>
        </LclInstrm>
        <SeqTp>OOFF</SeqTp>
      </PmtTpInf>
      <ReqdColltnDt>2025-08-19</ReqdColltnDt>
      <Cdtr>
        <Nm>OurCorp</Nm>
      </Cdtr>
      <CdtrAcct>
        <Id>
          <IBAN>BG87200500001234567890</IBAN>
        </Id>
      </CdtrAcct>
      <CdtrAgt>
        <FinInstnId>
          <BICFI>BANKBGFFXXX</BICFI>
        </FinInstnId>
      </CdtrAgt>
      <ChrgBr>SLEV</ChrgBr>
      <CdtrSchmeId>
        <Id>
          <PrvtId>
            <Othr>
              <Id>BG40ZZZ507778</Id>
              <SchmeNm>
                <Prtry>SEPA</Prtry>
              </SchmeNm>
            </Othr>
          </PrvtId>
        </Id>
      </CdtrSchmeId>
      <DrctDbtTxInf>
        <PmtId>
          <EndToEndId>SomethingUnique</EndToEndId>
        </PmtId>
        <InstdAmt Ccy="EUR">12.34</InstdAmt>
        <DrctDbtTx>
          <MndtRltdInf>
            <MndtId>SomeOtherUniqueThing</MndtId>
            <DtOfSgntr>2025-08-19</DtOfSgntr>
          </MndtRltdInf>
        </DrctDbtTx>
        <DbtrAgt>
          <FinInstnId>
            <BICFI>BANKDEFFXXX</BICFI>
          </FinInstnId>
        </DbtrAgt>
        <Dbtr>
          <Nm>John Doe</Nm>
          <PstlAdr>
            <StrtNm>Some Street</StrtNm>
            <BldgNb>12</BldgNb>
            <PstCd>1000</PstCd>
            <TwnNm>Nowhere</TwnNm>
            <Ctry>BG</Ctry>
          </PstlAdr>
        </Dbtr>
        <DbtrAcct>
          <Id>
            <IBAN>DE87200500001234567890</IBAN>
          </Id>
        </DbtrAcct>
        <RmtInf>
          <Ustrd>OurCorp Billing</Ustrd>
        </RmtInf>
      </DrctDbtTxInf>
    </PmtInf>
  </CstmrDrctDbtInitn>
</Document>
