<?xml version="1.0" encoding="UTF-8"?>
<Document xmlns="urn:iso:std:iso:20022:tech:xsd:pain.001.001.06" xmlns:xsi="http://www.w3.org/2001/XMLSchema-instance" xsi:schemaLocation="urn:iso:std:iso:20022:tech:xsd:pain.001.001.06 pain.001.001.06.xsd">
  <CstmrCdtTrfInitn>
    <GrpHdr>
      <MsgId>OurMessageIdentification</MsgId>
      <CreDtTm>2025-08-19T08:32:02+00:00</CreDtTm>
      <NbOfTxs>1</NbOfTxs>
      <CtrlSum>12.34</CtrlSum>
      <InitgPty>
        <Nm>OurCorp</Nm>
      </InitgPty>
    </GrpHdr>
    <PmtInf>
      <PmtInfId>OurPaymentInfo</PmtInfId>
      <PmtMtd>TRF</PmtMtd>
      <NbOfTxs>1</NbOfTxs>
      <CtrlSum>12.34</CtrlSum>
      <PmtTpInf>
        <SvcLvl>
          <Cd>SEPA</Cd>
        </SvcLvl>
      </PmtTpInf>
      <ReqdExctnDt>2025-08-19</ReqdExctnDt>
      <Dbtr>
        <Nm>OurCorp</Nm>
      </Dbtr>
      <DbtrAcct>
        <Id>
          <IBAN>BG87200500001234567890</IBAN>
        </Id>
        <Ccy>EUR</Ccy>
      </DbtrAcct>
      <DbtrAgt>
        <FinInstnId>
          <BICFI>BANKBGFFXXX</BICFI>
        </FinInstnId>
      </DbtrAgt>
      <ChrgBr>SLEV</ChrgBr>
      <CdtTrfTxInf>
        <PmtId>
          <EndToEndId>SomethingUnique</EndToEndId>
        </PmtId>
        <Amt>
          <InstdAmt Ccy="EUR">12.34</InstdAmt>
        </Amt>
        <CdtrAgt>
          <FinInstnId>
            <BICFI>BANKDEFFXXX</BICFI>
          </FinInstnId>
        </CdtrAgt>
        <Cdtr>
          <Nm>John Doe</Nm>
          <PstlAdr>
            <StrtNm>Some Street</StrtNm>
            <BldgNb>12</BldgNb>
            <PstCd>1000</PstCd>
            <TwnNm>Nowhere</TwnNm>
            <Ctry>BG</Ctry>
          </PstlAdr>
        </Cdtr>
        <CdtrAcct>
          <Id>
            <IBAN>DE87200500001234567890</IBAN>
          </Id>
        </CdtrAcct>
        <RmtInf>
          <Strd>
            <CdtrRefInf>
              <Tp>
                <CdOrPrtry>
                  <Cd>SCOR</Cd>
                </CdOrPrtry>
                <Issr>CdtrRefInf-Tp-Issr</Issr>
              </Tp>
              <Ref>CdtrRefInf-Ref</Ref>
            </CdtrRefInf>
          </Strd>
        </RmtInf>
      </CdtTrfTxInf>
    </PmtInf>
  </CstmrCdtTrfInitn>
</Document>
