<?xml version="1.0" encoding="UTF-8"?>
<Document xmlns="urn:iso:std:iso:20022:tech:xsd:pain.001.001.09">
    <CstmrCdtTrfInitn>
        <GrpHdr>
            <MsgId>Message-ID-4711</MsgId>
            <CreDtTm>2021-07-29T09:30:47.000Z</CreDtTm>
            <NbOfTxs>2</NbOfTxs>
            <CtrlSum>6655.86</CtrlSum>
            <InitgPty>
                <Nm>Initiator Name</Nm>
            </InitgPty>
        </GrpHdr>
        <PmtInf>
            <PmtInfId>Payment-Information-ID-4711</PmtInfId>
            <PmtMtd>TRF</PmtMtd>
            <BtchBookg>true</BtchBookg>
            <NbOfTxs>2</NbOfTxs>
            <CtrlSum>6655.86</CtrlSum>
            <PmtTpInf>
                <SvcLvl>
                    <Cd>SEPA</Cd>
                </SvcLvl>
                <LclInstrm>
                    <Cd>INST</Cd>
                </LclInstrm>
            </PmtTpInf>
            <ReqdExctnDt>
                <DtTm>2021-07-30T11:00:00</DtTm>
            </ReqdExctnDt>
            <Dbtr>
                <Nm>Herr Schnellzahler</Nm>
            </Dbtr>
            <DbtrAcct>
                <Id>
                    <IBAN>DE87200500001234567890</IBAN>
                </Id>
            </DbtrAcct>
            <DbtrAgt>
                <FinInstnId>
                    <Othr>
                        <Id>NOTPROVIDED</Id>
                    </Othr>
                </FinInstnId>
            </DbtrAgt>
            <ChrgBr>SLEV</ChrgBr>
            <CdtTrfTxInf>
                <PmtId>
                    <EndToEndId>OriginatorID1234</EndToEndId>
                </PmtId>
                <Amt>
                    <InstdAmt Ccy="EUR">6543.14</InstdAmt>
                </Amt>
                <Cdtr>
                    <Nm>Frau HatschnelldasGeld</Nm>
                </Cdtr>
                <CdtrAcct>
                    <Id>
                        <IBAN>DE21500500009876543210</IBAN>
                    </Id>
                </CdtrAcct>
                <RmtInf>
                    <Ustrd>Unstructured Remittance Information</Ustrd>
                </RmtInf>
            </CdtTrfTxInf>
            <CdtTrfTxInf>
                <PmtId>
                    <EndToEndId>OriginatorID1235</EndToEndId>
                </PmtId>
                <Amt>
                    <InstdAmt Ccy="EUR">112.72</InstdAmt>
                </Amt>
                <Cdtr>
                    <Nm>Herr Instant</Nm>
                </Cdtr>
                <CdtrAcct>
                    <Id>
                        <IBAN>DE21500500001234567897</IBAN>
                    </Id>
                </CdtrAcct>
                <RmtInf>
                    <Ustrd>Unstructured Remittance Information</Ustrd>
                </RmtInf>
            </CdtTrfTxInf>
        </PmtInf>
    </CstmrCdtTrfInitn>
</Document>